<?xml version="1.0" encoding="UTF-8"?><collection xmlns="http://www.loc.gov/MARC21/slim"><record><leader>00514nam--2200181-i-4500</leader><controlfield tag="001">000020015</controlfield><controlfield tag="002">20161230</controlfield><controlfield tag="005">20161230201033</controlfield><controlfield tag="008">060222s1000------------r-----000-0-fre-d</controlfield><datafield ind1=" " ind2=" " tag="040"><subfield code="a">IFIN-HH</subfield></datafield><datafield ind1=" " ind2=" " tag="041"><subfield code="a">fre</subfield></datafield><datafield ind1=" " ind2=" " tag="080"><subfield code="a">519.216(043)</subfield></datafield><datafield ind1="1" ind2=" " tag="100"><subfield code="a">Fort, Jean Claude</subfield></datafield><datafield ind1="1" ind2="0" tag="245"><subfield code="a">Evenements rares pour l etude de certains algorithmes stichastiques.these</subfield><subfield code="c">Jean Claude Fort</subfield></datafield><datafield ind1=" " ind2=" " tag="260"><subfield code="a">Orsay, Universite De Paris-sud, 1980</subfield></datafield><datafield ind1=" " ind2=" " tag="300"><subfield code="a">95 P + ANNEXE</subfield></datafield><datafield ind1=" " ind2=" " tag="852"><subfield code="a">49753</subfield><subfield code="c">519.2</subfield></datafield><datafield ind1=" " ind2=" " tag="CAT"><subfield code="a">Sys</subfield><subfield code="c">20100608</subfield><subfield code="h">111318</subfield></datafield></record></collection>